@article{1,
	title={Ein neues mineralisches Alkali und ein neues Metall},
	author={Berzelius, J{\"o}ns Jakob},
	journal={J. Chem. Phys},
	volume={21},
	pages={44--48},
	year={1817}
}

@book{3,
	title={Manual of Chemistry},
	author={Brande, Willian Thomas},
	year={1826},
	publisher={Richardson \& Lord},
	pages={251--254},
	volume={II}
}

@online{2,
	author="Wikipedia",
	title="{Lithium - Wikipedia}",
	url="https://en.wikipedia.org/wiki/Lithium",
	month=jun,
	year=2023
}